@inproceedings{PMManifesto,
    author = {Aalst, Wil M. P. and Adriansyah, Arya and Karla Alves de Medeiros, Ana and Arcieri, Franco and Baier, Thomas and Blickle, Tobias and R.P., Jagadeesh Chandra Bose and van den Brand, Peter and Brandtjen, Ronald and C. A. M. Buijs, Joos and Burattin, Andrea and Carmona, Josep and Castellanos, Malú and Claes, Jan and Cook, Jonathan and Costantini, Nicola and Curbera, Francisco and Damiani, Ernesto and de Leoni, Massimiliano and Wynn, Moe},
    year = {2011},
    month = {08},
    pages = {169-194},
    title = {Process Mining Manifesto},
    volume = {99},
    journal = {Lecture Notes in Business Information Processing},
    doi = {10.1007/978-3-642-28108-2_19}
}

@book{PMinAction,
  title = {Process Mining},
  subtitle = {Data Science in Action},
  pages	= {49,50,148,163-185, 201-205,222-233, 325-352},
  author = {Aalst, Wil M. P.},
  year = {2016},
  PUBLISHER = {Springer},
  isbn = {978-3-662-49850-7},
  doi = {10.1007/978-3-662-49851-4_1}
}

@book{poc,
  Author = {Roland Felkai and Arndt Beiderwieden},
  Title = {Projektmanagement für technische Projekte: Ein prozessorientierter Leitfaden für die Praxis (German Edition)},
  Publisher = {Springer Vieweg},
  Year = {2013},
  ISBN = {3834824674},
}

@article{IDC,
  title={Worldwide Smart Home Device Forecast, 2018–2022},
  author={Adam Wright},
  journal={IDC Market Forecast - Doc Nr. US43745218},
  year={2018}
}

@misc{griegercie,
  author = {Vantica UG},
  title = {Prognose: Smart Home Markt wächst zweistellig bis 2022},
  year = 2018,
  url = {https://www.splendid-research.com/de/smarthome.html},
  urldate = {2018-12-12}
}

@book{freund2007software,
  title={Software Engineering durch Modellierung wissensintensiver Entwicklungsprozesse},
  author={Freund, T.},
  isbn={9783940019110},
  url={https://books.google.de/books?id=2HPldlxhBOkC},
  year={2007},
  publisher={GITO}
}

@book{Petrinetze,
  title={Petrinetze - Eine Einführung},
  author={Dr. Wolfgang Reisig},
  isbn={9783642712753 },
  url={http://www.bookmetrix.com/detail/book/6807726d-4521-4f2b-a82e-ec52fc7da5a3#citations},
  year={1986},
  publisher={Springer}
}

@misc{smhmmrkt,
  author = {Vantica UG},
  title = {Prognose: Smart Home Markt wächst zweistellig bis 2022},
  year = 2018,
  url = {www.housecontrollers.de/allgemein/prognose-smart-home-markt-waechst-zweistellig-bis-2022/},
  urldate = {2018-12-12}
}
@misc{iotGoogle,
  author = {IoT World Today},
  title = {Google: Smart Home Technology of the Future Will Anticipate User Wishes},
  year = 2018,
  url = {www.iotworldtoday.com/2018/11/07/google-smart-home-technology-of-the-future-will-anticipate-user-wishes},
  urldate = {2018-12-12}
}
@mastersthesis{Ailenei,
  title={Process Mining Tools: A Comparative Analysis},
  author={I. Ailenei},
  school = {Eindhoven University of Technology},
  year = {2011},
}

@INPROCEEDINGS{GIGO,
author={R. P. J. C. {Bose} and R. S. {Mans} and W. M. P. {van der Aalst}},
booktitle={2013 IEEE Symposium on Computational Intelligence and Data Mining (CIDM)},
title={Wanna improve process mining results?},
year={2013},
pages={127-134},
month={April},}

@book{heurMining,
title = "Process mining with the HeuristicsMiner algorithm",
author = "A.J.M.M. Weijters and {Aalst, van der}, W.M.P. and {Alves De Medeiros}, A.K.",
year = "2006",
language = "English",
isbn = "978-90-386-0813-6",
series = "BETA publicatie : working papers",
publisher = "Technische Universiteit Eindhoven",
}

@INPROCEEDINGS{inducMining,
author={A. {Augusto} and R. {Conforti} and M. {Dumas} and M. L. {Rosa}},
booktitle={2017 IEEE International Conference on Data Mining (ICDM)},
title={Split Miner: Discovering Accurate and Simple Business Process Models from Event Logs},
year={2017},
pages={1-10},
doi={10.1109/ICDM.2017.9},
month={Nov},}

@InProceedings{inducFMining,
author="Leemans, Sander J. J.
and Fahland, Dirk
and van der Aalst, Wil M. P.",
editor="Lohmann, Niels
and Song, Minseok
and Wohed, Petia",
title="Discovering Block-Structured Process Models from Event Logs Containing Infrequent Behaviour",
booktitle="Business Process Management Workshops",
year="2014",
publisher="Springer International Publishing",
address="Cham",
pages="66--78",
isbn="978-3-319-06257-0"
}

@InProceedings{inducIMining,
author="Leemans, Sander J. J.
and Fahland, Dirk
and van der Aalst, Wil M. P.",
editor="Ciardo, Gianfranco
and Kindler, Ekkart",
title="Discovering Block-Structured Process Models from Incomplete Event Logs",
booktitle="Application and Theory of Petri Nets and Concurrency",
year="2014",
publisher="Springer International Publishing",
address="Cham",
pages="91--110",
isbn="978-3-319-07734-5"
}

@article{localMining,
title = "Mining local process models",
journal = "Journal of Innovation in Digital Ecosystems",
volume = "3",
number = "2",
pages = "183 - 196",
year = "2016",
issn = "2352-6645",
doi = "https://doi.org/10.1016/j.jides.2016.11.001",
url = "http://www.sciencedirect.com/science/article/pii/S2352664516300232",
author = "Niek Tax and Natalia Sidorova and Reinder Haakma and Wil M.P. van der Aalst",
keywords = "Process mining, Knowledge discovery, Data mining",
}

@inproceedings{lpm,
author = {Dalmas, Benjamin and Tax, Niek and Norre, Sylvie},
year = {2017},
month = {06},
pages = {},
title = {Heuristics for High-Utility Local Process Model Mining}
}

@inproceedings{Srikant1996MiningSP,
  title={Mining Sequential Patterns: Generalizations and Performance Improvements},
  author={Ramakrishnan Srikant and Rakesh Agrawal},
  booktitle={EDBT},
  year={1996}
}

@article{mannila1997discovery,
  title={Discovery of frequent episodes in event sequences},
  author={Mannila, Heikki and Toivonen, Hannu and Verkamo, A Inkeri},
  journal={Data mining and knowledge discovery},
  volume={1},
  number={3},
  pages={259--289},
  year={1997},
  publisher={Springer}
}

@article{minerEval,
 author = {Bolt, Alfredo and Leoni, Massimiliano and Aalst, Wil M.},
 title = {Scientific Workflows for Process Mining: Building Blocks, Scenarios, and Implementation},
 journal = {Int. J. Softw. Tools Technol. Transf.},
 issue_date = {November  2016},
 volume = {18},
 number = {6},
 month = nov,
 year = {2016},
 issn = {1433-2779},
 pages = {607--628},
 numpages = {22},
 url = {http://dx.doi.org/10.1007/s10009-015-0399-5},
 doi = {10.1007/s10009-015-0399-5},
 acmid = {3008126},
 publisher = {Springer-Verlag},
 address = {Berlin, Heidelberg},
 keywords = {Large scale process analysis, Process mining, RapidProM, Scientific workflows},
} 

@InProceedings{xesmxml,
author="Verbeek, H. M. W.
and Buijs, Joos C. A. M.
and van Dongen, Boudewijn F.
and van der Aalst, Wil M. P.",
editor="Soffer, Pnina
and Proper, Erik",
title="XES, XESame, and ProM 6",
booktitle="Information Systems Evolution",
year="2011",
publisher="Springer Berlin Heidelberg",
address="Berlin, Heidelberg",
pages="60--75",
isbn="978-3-642-17722-4"
}

@ARTICLE{hmm,
author={L. R. {Rabiner}},
journal={Proceedings of the IEEE},
title={A tutorial on hidden Markov models and selected applications in speech recognition},
year={1989},
volume={77},
number={2},
pages={257-286},
keywords={Markov processes;speech recognition;ergodic models;hidden Markov models;speech recognition;discrete Markov chains;hidden states;probabilistic function;coin-tossing;balls-in-urns system;left-right models;Tutorial;Hidden Markov models;Speech recognition},
doi={10.1109/5.18626},
ISSN={},
month={Feb},}

@article{rnn,
  title={Learning task-dependent distributed representations by backpropagation through structure},
  author={Christoph Goller and Andreas K{\"u}chler},
  journal={Proceedings of International Conference on Neural Networks (ICNN'96)},
  year={1996},
  volume={1},
  pages={347-352 vol.1}
}

%Grundlagen ende

@article{DeWeerdt,
title = "Process Mining for the multi-faceted analysis of business processes—A case study in a financial services organization",
journal = "Computers in Industry",
volume = "64",
number = "1",
pages = "57 - 67",
year = "2013",
issn = "0166-3615",
doi = "https://doi.org/10.1016/j.compind.2012.09.010",
url = "http://www.sciencedirect.com/science/article/pii/S0166361512001479",
author = "Jochen De Weerdt and Annelies Schupp and An Vanderloock and Bart Baesens",
keywords = "Process Mining, Event log analysis, Real-life application, Financial services industry"
}

@inbook{TaxSidorova,
  title={Studies in Computational Intelligence},
  subtitle={Mining Process Model Descriptions of Daily Life through Event Abstraction},
  author={N. Tax, N. Sidorova, R. Haakma,W.M.P. van der Aalst},
  year={2017},
  volume={64},
  number={01},
  pages={83-104},
}

@Article{Tax2019,
author="Tax, Niek
and Sidorova, Natalia
and van der Aalst, Wil M. P.",
title="Discovering more precise process models from event logs by filtering out chaotic activities",
journal="Journal of Intelligent Information Systems",
year="2019",
month="Feb",
day="01",
volume="52",
number="1",
pages="107--139",
issn="1573-7675",
doi="10.1007/s10844-018-0507-6",
url="https://doi.org/10.1007/s10844-018-0507-6"
}



\begin{comment}
@article{bromley1993siamesesignature,
  title={Signature verification using a “Siamese” time delay neural network},
  author={Bromley, Jane and Bentz, James W and Bottou, L{\'e}on and Guyon, Isabelle and LeCun, Yann and Moore, Cliff and S{\"a}ckinger, Eduard and Shah, Roopak},
  journal={International Journal of Pattern Recognition and Artificial Intelligence},
  volume={7},
  number={04},
  pages={669--688},
  year={1993},
  publisher={World Scientific}
}

@article{kingma2014adam,
  title={Adam: A method for stochastic optimization},
  author={Kingma, Diederik and Ba, Jimmy},
  journal={arXiv preprint arXiv:1412.6980},
  year={2014}
}

@book{GanscharGerlac,
  abstract = {Volatilere Märkte, neue - global agierende - Marktteilnehmer, kundenspezifische Produkte und immer diffizilere Produktionsprozesse werden die Zukunft prägen. Neue Wege, den Herausforderungen der Zukunft gerecht zu werden, verspricht die internetfähige Industrie 4.0. },
  added-at = {2016-10-03T09:37:10.000+0200},
  address = {Stuttgart},
  author = {Ganschar, Oliver and Gerlach, Stefan and H\"{a}mmerle, Moritz and Krause, Tobias and Schlund, Sebastian},
  biburl = {https://www.bibsonomy.org/bibtex/26197bcc77988add773b06e14ec83afae/flint63},
  file = {Elektronische Version:2013/GanscharGerlachEtAl13iao.pdf:PDF;Verwandte Webseite:http\://www.produktionsarbeit.de:URL},
  groups = {public},
  interhash = {8cb9edd22a26e0ce4bbbe56568ca67de},
  intrahash = {6197bcc77988add773b06e14ec83afae},
  isbn = {978-3-8396-0570-7},
  keywords = {01624 103 book embedded ai factory user interaction engineering design zzz.i40},
  publisher = {Fraunhofer Verlag},
  timestamp = {2017-07-13T18:10:58.000+0200},
  title = {Produktionsarbeit der Zukunft -- Industrie 4.0: Studie},
  url = {http://publica.fraunhofer.de/dokumente/N-247039.html},
  username = {flint63},
  x-editor = {Spath, Dieter},
  year = 2013
}

@inbook{litreview,
author = {Dakic, Dusanka and Stefanović, Darko and Cosic, Ilija and Lolić, Teodora and Medojevic, Milovan},
year = {2018},
month = {01},
pages = {0866-0875},
title = {Business Process Mining Application: A Literature Review},
isbn = {9783902734204},
doi = {10.2507/29th.daaam.proceedings.125}
}

@article{compPM,
author = {Batyuk, Anatoliy and Voityshyn, Volodymyr},
year = {2018},
month = {11},
pages = {22-36},
title = {Process Mining: Applied Discipline and Software Implementations},
journal = {Naukovi Visti Nacionalnogo Tehnicnogo Universitetu Ukraini Kiivskij Politehnicnij Institut},
doi = {10.20535/1810-0546.2018.5.146178}
}

@inproceedings{ ComparativeEO,
  title={Comparative Evaluation of Process Mining Tools},
  author={Musie Kebede and Marlon Dumas},
  year={2015}
}

@misc{wrro141683,
          volume = {5},
          author = {NF Farid and M de Kamps and OA Johnson},
            note = {This article is protected by copyright. Reproduced with permission from the publisher. https://doi.org/10.5220/0007392903320339},
       booktitle = {HEALTHINF 2019},
           title = {Process Mining in Frail Elderly Care: A Literature Review},
       publisher = {SciTePress, Science and Technology Publications},
         journal = {Proceedings of the 12th International Joint Conference on Biomedical Engineering Systems and Technologies - Volume 5: HEALTHINF},
           pages = {332--339},
            year = {2019},
        keywords = {Frail Elderly, Frailty, Healthcare Service, Process Mining},
             url = {http://eprints.whiterose.ac.uk/141683/}
}

@article{llatas,
author = {Fernandez-Llatas, Carlos and Benedi, José-Miguel and García-Gómez, Juan and Traver, Vicente},
year = {2013},
month = {11},
pages = {15434-51},
title = {Process Mining for Individualized Behavior Modeling Using Wireless Tracking in Nursing Homes},
volume = {13},
journal = {Sensors (Basel, Switzerland)},
doi = {10.3390/s131115434}
}

@Article{Jaroucheh2011,
author="Jaroucheh, Zakwan
and Liu, Xiaodong
and Smith, Sally",
title="Recognize contextual situation in pervasive environments using process mining techniques",
journal="Journal of Ambient Intelligence and Humanized Computing",
year="2011",
month="Mar",
day="01",
volume="2",
number="1",
pages="53--69",
issn="1868-5145",
doi="10.1007/s12652-010-0038-7",
url="https://doi.org/10.1007/s12652-010-0038-7"
}



\end{comment}